@misc{fei,
	author = {{Fei Fei Li}},
	title = {{Stanford University} CS231n},
	howpublished = {Lecture slides},
}

@misc{soleymani,
	author = {M. {Soleymani Baghshah}},
	title = {Machine learning},
	howpublished = {Lecture slides},
}

@misc{raj,
	author = {Bhiksha Raj},
	title = {{Carnegie Mellon University} 11-785},
	howpublished = {Lecture slides},
}

@misc{alex,
	author = {{Alexander Ecker}},
	title = {{Neuromatch Academy}},
	howpublished = {Lecture slides},
}